

@book{ficapresourcebook,
  title={Firearm injury in the US.},
  author={FICAP},
  year={2006},
  publisher={Online Resource Book from The Firearm and Injury Center at Penn.  http://www.uphs.upenn.edu/ficap/resourcebook/pdf/monograph.pdf}
}

@InProceedings{Irvine-EtAl-2014:LREC,
  author =  {Ann Irvine and Joshua Langfus and Chris Callison-Burch},
  title =   {The {American} Local News Corpus},
  booktitle = {The 9th edition of the Language Resources and Evaluation Conference},
  month     = {May},
  year      = {2014},
  address   = {Reykjavik, Iceland},
  pages     = {},
  publisher = {European Language Resources Association},
  url = {http://cis.upenn.edu/~ccb/publications/american-local-news-corpus.pdf}
}

@inproceedings{mintz2009distant,
  title={Distant supervision for relation extraction without labeled data},
  author={Mintz, Mike and Bills, Steven and Snow, Rion and Jurafsky, Dan},
  booktitle={Proceedings of the Joint Conference of the 47th Annual Meeting of the ACL and the 4th International Joint Conference on Natural Language Processing of the AFNLP: Volume 2-Volume 2},
  pages={1003--1011},
  year={2009},
  organization={Association for Computational Linguistics}
}

@article{cai2013semantic,
  title={Semantic parsing freebase: Towards open-domain semantic parsing},
  author={Cai, Qingqing and Yates, Alexander},
  journal={Atlanta, Georgia, USA},
  volume={30},
  pages={328},
  year={2013}
}

@inproceedings{yao2014information,
  title={Information extraction over structured data: Question answering with freebase},
  author={Yao, Xuchen and Van Durme, Benjamin},
  booktitle={Proceedings of ACL},
  year={2014}
}

@article{kassirer1995partisan,
  title={A partisan assault on science--the threat to the CDC},
  author={Kassirer, Jerome P},
  journal={New England journal of medicine},
  volume={333},
  number={12},
  pages={793--794},
  year={1995},
  publisher={Massachusetts Medical Society}
}

@book{roth1993understanding,
  title={Understanding and preventing violence},
  author={Roth, Jeffrey A and Reiss Jr, Albert J and others},
  volume={1},
  year={1993},
  publisher={National Academies Press}
}

@article{branas2005getting,
  title={Getting past the “f” word in federally funded public health research},
  author={Branas, Charles C and Wiebe, Douglas J and Schwab, CW and Richmond, TS},
  journal={Injury prevention},
  volume={11},
  number={3},
  pages={191--191},
  year={2005},
  publisher={BMJ Publishing Group Ltd}
}

@INPROCEEDINGS{Quinn11human-machinehybrid,
    author = {Alexander J. Quinn and Benjamin B. Bederson},
    title = {Human-machine hybrid computation},
    booktitle = {In CHI'11 Workshop},
    year = {2011}
}

@InProceedings{Lin-et-al:HCOMP:2014,
  author    = {Christopher H. Lin and Mausam and Daniel S. Weld},
  title     = {To Re(label), or Not To Re(label)},
  booktitle = {HCOMP-2014},
  year      = {2014}
}